@article{bartel_critical_2020,
  title = {A Critical Examination of Compound Stability Predictions from Machine-Learned Formation Energies},
  author = {Bartel, Christopher J. and Trewartha, Amalie and Wang, Qi and Dunn, Alexander and Jain, Anubhav and Ceder, Gerbrand},
  date = {2020-07-10},
  journaltitle = {npj Computational Materials},
  shortjournal = {npj Comput Mater},
  volume = {6},
  number = {1},
  pages = {1--11},
  publisher = {Nature Publishing Group},
  issn = {2057-3960},
  doi = {10.1038/s41524-020-00362-y},
  url = {https://www.nature.com/articles/s41524-020-00362-y},
  urldate = {2022-03-08},
  issue = {1},
  keywords = {Computational methods,Materials chemistry}
}

@article{bedard_reconfigurable_2018,
  title = {Reconfigurable System for Automated Optimization of Diverse Chemical Reactions},
  author = {Bédard, Anne-Catherine and Adamo, Andrea and Aroh, Kosi C. and Russell, M. Grace and Bedermann, Aaron A. and Torosian, Jeremy and Yue, Brian and Jensen, Klavs F. and Jamison, Timothy F.},
  date = {2018-09-21},
  journaltitle = {Science},
  volume = {361},
  number = {6408},
  pages = {1220--1225},
  publisher = {American Association for the Advancement of Science},
  doi = {10.1126/science.aat0650},
  url = {https://www.science.org/doi/full/10.1126/science.aat0650},
  urldate = {2024-01-03}
}

@article{bergerhoff_inorganic_1983,
  title = {The Inorganic Crystal Structure Data Base},
  author = {Bergerhoff, G. and Hundt, R. and Sievers, R. and Brown, I. D.},
  date = {1983-05-01},
  journaltitle = {Journal of Chemical Information and Computer Sciences},
  shortjournal = {J. Chem. Inf. Comput. Sci.},
  volume = {23},
  number = {2},
  pages = {66--69},
  publisher = {American Chemical Society},
  issn = {0095-2338},
  doi = {10.1021/ci00038a003},
  url = {https://pubs.acs.org/doi/abs/10.1021/ci00038a003},
  urldate = {2020-08-31}
}

@article{blochl_projector_1994,
  title = {Projector Augmented-Wave Method},
  author = {Blöchl, P. E.},
  date = {1994-12-15},
  journaltitle = {Physical Review B},
  shortjournal = {Phys. Rev. B},
  volume = {50},
  number = {24},
  pages = {17953--17979},
  publisher = {American Physical Society},
  doi = {10.1103/PhysRevB.50.17953},
  url = {https://link.aps.org/doi/10.1103/PhysRevB.50.17953},
  urldate = {2022-02-11}
}

@article{burger_mobile_2020,
  title = {A Mobile Robotic Chemist},
  author = {Burger, Benjamin and Maffettone, Phillip M. and Gusev, Vladimir V. and Aitchison, Catherine M. and Bai, Yang and Wang, Xiaoyan and Li, Xiaobo and Alston, Ben M. and Li, Buyi and Clowes, Rob and Rankin, Nicola and Harris, Brandon and Sprick, Reiner Sebastian and Cooper, Andrew I.},
  date = {2020-07},
  journaltitle = {Nature},
  volume = {583},
  number = {7815},
  pages = {237--241},
  publisher = {Nature Publishing Group},
  issn = {1476-4687},
  doi = {10.1038/s41586-020-2442-2},
  url = {https://www.nature.com/articles/s41586-020-2442-2},
  urldate = {2024-01-03},
  issue = {7815},
  keywords = {Chemistry,Materials science,Renewable energy,Techniques and instrumentation}
}

@article{chiu_investigations_2022,
  title = {Investigations of Mechanical Properties and Deformation Behaviors of the {{Cr}} Modified {{Ti}}–{{Au}} Shape Memory Alloys},
  author = {Chiu, Wan–Ting and Wakabayashi, Kaoru and Umise, Akira and Tahara, Masaki and Inamura, Tomonari and Hosoda, Hideki},
  date = {2022-03-15},
  journaltitle = {Journal of Alloys and Compounds},
  shortjournal = {Journal of Alloys and Compounds},
  volume = {897},
  pages = {163134},
  issn = {0925-8388},
  doi = {10.1016/j.jallcom.2021.163134},
  url = {https://www.sciencedirect.com/science/article/pii/S0925838821045448},
  urldate = {2023-12-30},
  keywords = {Biomaterials,Pseudoelasticity,Shape memory alloy,Shape memory effect,Ti–Au–Cr}
}

@article{choi_development_2011,
  title = {Development of Hafnium Based High-k Materials—{{A}} Review},
  author = {Choi, J.H. and Mao, Y. and Chang, J.P.},
  date = {2011-07},
  journaltitle = {Materials Science and Engineering: R: Reports},
  shortjournal = {Materials Science and Engineering: R: Reports},
  volume = {72},
  number = {6},
  pages = {97--136},
  issn = {0927796X},
  doi = {10.1016/j.mser.2010.12.001},
  url = {https://linkinghub.elsevier.com/retrieve/pii/S0927796X10001683},
  urldate = {2023-11-30}
}

@article{choudhary_highthroughput_2020,
  title = {High-Throughput Density Functional Perturbation Theory and Machine Learning Predictions of Infrared, Piezoelectric, and Dielectric Responses},
  author = {Choudhary, Kamal and Garrity, Kevin F. and Sharma, Vinit and Biacchi, Adam J. and Hight Walker, Angela R. and Tavazza, Francesca},
  date = {2020-05-27},
  journaltitle = {npj Computational Materials},
  shortjournal = {npj Comput Mater},
  volume = {6},
  number = {1},
  pages = {1--13},
  publisher = {Nature Publishing Group},
  issn = {2057-3960},
  doi = {10.1038/s41524-020-0337-2},
  url = {https://www.nature.com/articles/s41524-020-0337-2},
  urldate = {2022-06-01},
  issue = {1},
  keywords = {Electronic properties and materials,Electronic structure}
}

@incollection{dagdelen_algorithms_2022,
  title = {Algorithms for Materials Discovery},
  booktitle = {5 {{Algorithms}} for Materials Discovery},
  author = {Dagdelen, John and Dunn, Alex},
  date = {2022-02-21},
  pages = {123--164},
  publisher = {De Gruyter},
  doi = {10.1515/9783110738087-005},
  url = {https://www.degruyter.com/document/doi/10.1515/9783110738087-005/html},
  urldate = {2022-04-06},
  isbn = {978-3-11-073808-7}
}

@article{davies_computational_2016,
  title = {Computational {{Screening}} of {{All Stoichiometric Inorganic Materials}}},
  author = {Davies, Daniel W. and Butler, Keith T. and Jackson, Adam J. and Morris, Andrew and Frost, Jarvist M. and Skelton, Jonathan M. and Walsh, Aron},
  date = {2016-10-13},
  journaltitle = {Chem},
  shortjournal = {Chem},
  volume = {1},
  number = {4},
  eprint = {27790643},
  eprinttype = {pmid},
  pages = {617--627},
  issn = {2451-9294},
  doi = {10.1016/j.chempr.2016.09.010},
  pmcid = {PMC5074417},
  keywords = {computational chemistry,functional materials,high-throughput screening,materials design,perovskites,SDG7: Affordable and clean energy,solar energy,structure prediction,water splitting}
}

@online{fedorova_writes_2022,
  title = {Writes {{Hurt}}: {{Lessons}} in {{Cache Design}} for {{Optane NVRAM}}},
  shorttitle = {Writes {{Hurt}}},
  author = {Fedorova, Alexandra and Smith, Keith and Bostic, Keith and Gorrod, Alexander and LoVerso, Sue and Cahill, Michael},
  date = {2022-05-24},
  eprint = {2205.14122},
  eprinttype = {arXiv},
  eprintclass = {cs},
  doi = {10.48550/arXiv.2205.14122},
  url = {http://arxiv.org/abs/2205.14122},
  urldate = {2023-10-16},
  pubstate = {prepublished},
  keywords = {Computer Science - Databases,Computer Science - Hardware Architecture}
}

@article{feng_unraveling_2021,
  title = {Unraveling the {{Principles}} of {{Lattice Disorder Degree}} of {{Bi2 B2 O7}} ({{B}} = {{Sn}}, {{Ti}}, {{Zr}}) {{Compounds}} on {{Activating Gas Phase O2}} for {{Soot Combustion}}},
  author = {Feng, Xiaohui and Xu, Junwei and Xu, Xianglan and Zhang, Shijing and Ma, Jun and Fang, Xiuzhong and Wang, Xiang},
  date = {2021-10-01},
  journaltitle = {ACS Catalysis},
  shortjournal = {ACS Catal.},
  volume = {11},
  number = {19},
  pages = {12112--12122},
  issn = {2155-5435, 2155-5435},
  doi = {10.1021/acscatal.1c03075},
  url = {https://pubs.acs.org/doi/10.1021/acscatal.1c03075},
  urldate = {2023-11-30}
}

@article{fukina_crystal_2019,
  title = {Crystal Structure and Thermal Behavior of Pyrochlores {{CsTeMoO6}} and {{RbTe1}}.{{25Mo0}}.{{75O6}}},
  author = {Fukina, D.G. and Suleimanov, E.V. and Fukin, G.K. and Boryakov, A.V. and Protasova, S.G. and Ionov, A.M. and Guseinov, D.V. and Istomin, L.A.},
  date = {2019-04},
  journaltitle = {Journal of Solid State Chemistry},
  shortjournal = {Journal of Solid State Chemistry},
  volume = {272},
  pages = {47--54},
  issn = {00224596},
  doi = {10.1016/j.jssc.2019.01.026},
  url = {https://linkinghub.elsevier.com/retrieve/pii/S0022459619300398},
  urldate = {2023-11-30}
}

@article{fukina_structure_2021,
  title = {Structure Analysis and Electronic Properties of {{ATe4}}+0.{{5Te6}}+1.5-{{xM6}}+{{xO6}} ({{A}}={{Rb}}, {{Cs}}, {{M6}}+={{Mo}}, {{W}}) Solid Solutions with Beta-Pyrochlore Structure},
  author = {Fukina, Diana G. and Suleimanov, Eugeny V. and Boryakov, Aleksey V. and Zubkov, Sergey Yu and Koryagin, Andrey V. and Volkova, Natalia S. and Gorshkov, Alexey P.},
  date = {2021-01},
  journaltitle = {Journal of Solid State Chemistry},
  shortjournal = {Journal of Solid State Chemistry},
  volume = {293},
  pages = {121787},
  issn = {00224596},
  doi = {10.1016/j.jssc.2020.121787},
  url = {https://linkinghub.elsevier.com/retrieve/pii/S0022459620306186},
  urldate = {2023-11-30}
}

@article{galati_cation_2008,
  title = {Cation Displacements and the Structures of the Superconducting Pyrochlore Osmates {{A Os}} 2 {{O}} 6 ( {{A}} = {{K}} , {{Rb}}, and {{Cs}})},
  author = {Galati, Rosa and Simon, Charles and Henry, Paul F. and Weller, Mark T.},
  date = {2008-03-21},
  journaltitle = {Physical Review B},
  shortjournal = {Phys. Rev. B},
  volume = {77},
  number = {10},
  pages = {104523},
  issn = {1098-0121, 1550-235X},
  doi = {10.1103/PhysRevB.77.104523},
  url = {https://link.aps.org/doi/10.1103/PhysRevB.77.104523},
  urldate = {2023-11-30}
}

@article{gaultois_perspective_2016,
  title = {Perspective: {{Web-based}} Machine Learning Models for Real-Time Screening of Thermoelectric Materials Properties},
  shorttitle = {Perspective},
  author = {Gaultois, Michael W. and Oliynyk, Anton O. and Mar, Arthur and Sparks, Taylor D. and Mulholland, Gregory J. and Meredig, Bryce},
  date = {2016-05-01},
  journaltitle = {APL Materials},
  shortjournal = {APL Materials},
  volume = {4},
  number = {5},
  pages = {053213},
  publisher = {American Institute of Physics},
  doi = {10.1063/1.4952607},
  url = {https://aip.scitation.org/doi/10.1063/1.4952607},
  urldate = {2020-08-31}
}

@article{gibson_low_2021,
  title = {Low Thermal Conductivity in a Modular Inorganic Material with Bonding Anisotropy and Mismatch},
  author = {Gibson, Quinn D. and Zhao, Tianqi and Daniels, Luke M. and Walker, Helen C. and Daou, Ramzy and Hébert, Sylvie and Zanella, Marco and Dyer, Matthew S. and Claridge, John B. and Slater, Ben and Gaultois, Michael W. and Corà, Furio and Alaria, Jonathan and Rosseinsky, Matthew J.},
  date = {2021-08-27},
  journaltitle = {Science},
  volume = {373},
  number = {6558},
  pages = {1017--1022},
  publisher = {American Association for the Advancement of Science},
  doi = {10.1126/science.abh1619},
  url = {https://www.science.org/doi/full/10.1126/science.abh1619},
  urldate = {2023-02-04},
  keywords = {Related to Zr2Bi2O7 low thermal cond.,Zr2Bi2O7}
}

@article{glawe_optimal_2016,
  title = {The Optimal One Dimensional Periodic Table: A Modified {{Pettifor}} Chemical Scale from Data Mining},
  shorttitle = {The Optimal One Dimensional Periodic Table},
  author = {Glawe, Henning and Sanna, Antonio and Gross, E. K. U. and Marques, Miguel A. L.},
  date = {2016-09},
  journaltitle = {New Journal of Physics},
  shortjournal = {New J. Phys.},
  volume = {18},
  number = {9},
  pages = {093011},
  publisher = {IOP Publishing},
  issn = {1367-2630},
  doi = {10.1088/1367-2630/18/9/093011},
  url = {https://doi.org/10.1088/1367-2630/18/9/093011},
  urldate = {2022-02-09}
}

@article{gonze_dynamical_1997,
  title = {Dynamical Matrices, {{Born}} Effective Charges, Dielectric Permittivity Tensors, and Interatomic Force Constants from Density-Functional Perturbation Theory},
  author = {Gonze, Xavier and Lee, Changyol},
  date = {1997-04-15},
  journaltitle = {Physical Review B},
  shortjournal = {Phys. Rev. B},
  volume = {55},
  number = {16},
  pages = {10355--10368},
  publisher = {American Physical Society},
  doi = {10.1103/PhysRevB.55.10355},
  url = {https://link.aps.org/doi/10.1103/PhysRevB.55.10355},
  urldate = {2023-10-01}
}

@article{goodall_rapid_2022,
  title = {Rapid Discovery of Stable Materials by Coordinate-Free Coarse Graining},
  shorttitle = {Wren},
  author = {Goodall, Rhys E. A. and Parackal, Abhijith S. and Faber, Felix A. and Armiento, Rickard and Lee, Alpha A.},
  date = {2022-07-27},
  journaltitle = {Science Advances},
  volume = {8},
  number = {30},
  pages = {eabn4117},
  publisher = {American Association for the Advancement of Science},
  doi = {10.1126/sciadv.abn4117},
  url = {https://www.science.org/doi/10.1126/sciadv.abn4117},
  urldate = {2022-09-19}
}

@article{guan_bimetallic_2021,
  title = {Bimetallic Monolayer Catalyst Breaks the Activity–Selectivity Trade-off on Metal Particle Size for Efficient Chemoselective Hydrogenations},
  author = {Guan, Qiaoqiao and Zhu, Chuwei and Lin, Yue and Vovk, Evgeny I. and Zhou, Xiaohong and Yang, Yong and Yu, Hancheng and Cao, Lina and Wang, Hengwei and Zhang, Xiaohui and Liu, Xinyu and Zhang, Mengkai and Wei, Shiqiang and Li, Wei-Xue and Lu, Junling},
  date = {2021-10},
  journaltitle = {Nature Catalysis},
  shortjournal = {Nat Catal},
  volume = {4},
  number = {10},
  pages = {840--849},
  publisher = {Nature Publishing Group},
  issn = {2520-1158},
  doi = {10.1038/s41929-021-00679-x},
  url = {https://www.nature.com/articles/s41929-021-00679-x},
  urldate = {2023-12-30},
  issue = {10},
  keywords = {Catalyst synthesis,Heterogeneous catalysis}
}

@unpublished{he_deep_2015,
  title = {Deep {{Residual Learning}} for {{Image Recognition}}},
  author = {He, Kaiming and Zhang, Xiangyu and Ren, Shaoqing and Sun, Jian},
  date = {2015-12-10},
  eprint = {1512.03385},
  eprinttype = {arXiv},
  eprintclass = {cs},
  url = {http://arxiv.org/abs/1512.03385},
  urldate = {2020-08-05},
  keywords = {Computer Science - Computer Vision and Pattern Recognition}
}

@article{hinkle_novel_2004,
  title = {A Novel Approach for Determining the Effective Tunneling Mass of Electrons in {{HfO2}} and Other High-{{K}} Alternative Gate Dielectrics for Advanced {{CMOS}} Devices},
  author = {Hinkle, C. L and Fulton, C and Nemanich, R. J and Lucovsky, G},
  date = {2004-04-01},
  journaltitle = {Microelectronic Engineering},
  shortjournal = {Microelectronic Engineering},
  series = {Proceedings of the 13th {{Biennial Conference}} on {{Insulating Films}} on {{Semiconductors}}},
  volume = {72},
  number = {1},
  pages = {257--262},
  issn = {0167-9317},
  doi = {10.1016/j.mee.2003.12.047},
  url = {https://www.sciencedirect.com/science/article/pii/S0167931703006191},
  urldate = {2022-06-01},
  keywords = {Direct tunneling,High- dielectrics,Stacked gate dielectrics,Tunneling mass-conduction band offset energy product}
}

@online{horton_crystal_2023,
  title = {Crystal {{Toolkit}}: {{A Web App Framework}} to {{Improve Usability}} and {{Accessibility}} of {{Materials Science Research Algorithms}}},
  shorttitle = {Crystal {{Toolkit}}},
  author = {Horton, Matthew and Shen, Jimmy-Xuan and Burns, Jordan and Cohen, Orion and Chabbey, François and Ganose, Alex M. and Guha, Rishabh and Huck, Patrick and Li, Hamming Howard and McDermott, Matthew and Montoya, Joseph and Moore, Guy and Munro, Jason and O'Donnell, Cody and Ophus, Colin and Petretto, Guido and Riebesell, Janosh and Wetizner, Steven and Wander, Brook and Winston, Donald and Yang, Ruoxi and Zeltmann, Steven and Jain, Anubhav and Persson, Kristin A.},
  date = {2023-02-27},
  eprint = {2302.06147},
  eprinttype = {arXiv},
  eprintclass = {cond-mat},
  doi = {10.48550/arXiv.2302.06147},
  url = {http://arxiv.org/abs/2302.06147},
  urldate = {2023-02-16},
  pubstate = {prepublished},
  keywords = {Condensed Matter - Materials Science}
}

@article{hossain_visualization_2019,
  title = {Visualization of {{Bioinformatics Data}} with {{Dash Bio}}},
  author = {Hossain, Shammamah},
  date = {2019},
  journaltitle = {Proceedings of the 18th Python in Science Conference},
  pages = {126--133},
  doi = {10.25080/Majora-7ddc1dd1-012},
  url = {https://conference.scipy.org/proceedings/scipy2019/shammamah_hossain.html},
  urldate = {2023-10-16},
  eventtitle = {Proceedings of the 18th {{Python}} in {{Science Conference}}}
}

@article{jain_commentary_2013,
  title = {Commentary: {{The Materials Project}}: {{A}} Materials Genome Approach to Accelerating Materials Innovation},
  shorttitle = {Commentary},
  author = {Jain, Anubhav and Ong, Shyue Ping and Hautier, Geoffroy and Chen, Wei and Richards, William Davidson and Dacek, Stephen and Cholia, Shreyas and Gunter, Dan and Skinner, David and Ceder, Gerbrand and Persson, Kristin A.},
  date = {2013-07},
  journaltitle = {APL Materials},
  volume = {1},
  number = {1},
  pages = {011002},
  publisher = {American Institute of Physics},
  doi = {10.1063/1.4812323},
  url = {https://doi.org/10.1063/1.4812323},
  urldate = {2022-02-21}
}

@article{jain_fireworks_2015,
  title = {{{FireWorks}}: A Dynamic Workflow System Designed for High-Throughput Applications},
  shorttitle = {{{FireWorks}}},
  author = {Jain, Anubhav and Ong, Shyue Ping and Chen, Wei and Medasani, Bharat and Qu, Xiaohui and Kocher, Michael and Brafman, Miriam and Petretto, Guido and Rignanese, Gian-Marco and Hautier, Geoffroy and Gunter, Daniel and Persson, Kristin A.},
  date = {2015},
  journaltitle = {Concurrency and Computation: Practice and Experience},
  volume = {27},
  number = {17},
  pages = {5037--5059},
  issn = {1532-0634},
  doi = {10.1002/cpe.3505},
  url = {https://onlinelibrary.wiley.com/doi/abs/10.1002/cpe.3505},
  urldate = {2022-02-21},
  keywords = {fault-tolerant computing,high-throughput computing,scientific workflows}
}

@article{jayaraman_bridging_2020,
  title = {Bridging and Synergistic Effect of the Pyrochlore like {{Bi2 Zr2 O7}} Structure with Robust {{CdCuS}} Solid Solution for Durable Photocatalytic Removal of the Organic Pollutants},
  author = {Jayaraman, Venkatesan and Ayappan, Chinnadurai and Palanivel, Baskaran and Mani, Alagiri},
  date = {2020},
  journaltitle = {RSC Advances},
  shortjournal = {RSC Adv.},
  volume = {10},
  number = {15},
  pages = {8880--8894},
  issn = {2046-2069},
  doi = {10.1039/D0RA00644K},
  url = {http://xlink.rsc.org/?DOI=D0RA00644K},
  urldate = {2023-11-30}
}

@unpublished{kendall_what_2017,
  title = {What {{Uncertainties Do We Need}} in {{Bayesian Deep Learning}} for {{Computer Vision}}?},
  author = {Kendall, Alex and Gal, Yarin},
  date = {2017-10-05},
  eprint = {1703.04977},
  eprinttype = {arXiv},
  eprintclass = {cs},
  url = {http://arxiv.org/abs/1703.04977},
  urldate = {2020-08-31},
  keywords = {Computer Science - Computer Vision and Pattern Recognition}
}

@article{king_rise_2011,
  title = {Rise of the {{Robo Scientists}}},
  author = {King, Ross D.},
  date = {2011},
  journaltitle = {Scientific American},
  volume = {304},
  number = {1},
  eprint = {26002355},
  eprinttype = {jstor},
  pages = {72--77},
  publisher = {Scientific American, a division of Nature America, Inc.},
  issn = {0036-8733},
  url = {https://www.jstor.org/stable/26002355},
  urldate = {2024-01-03}
}

@unpublished{kong_density_2021,
  title = {Density of {{States Prediction}} for {{Materials Discovery}} via {{Contrastive Learning}} from {{Probabilistic Embeddings}}},
  author = {Kong, Shufeng and Ricci, Francesco and Guevarra, Dan and Neaton, Jeffrey B. and Gomes, Carla P. and Gregoire, John M.},
  date = {2021-10-21},
  eprint = {2110.11444},
  eprinttype = {arXiv},
  eprintclass = {cond-mat, physics:physics},
  url = {http://arxiv.org/abs/2110.11444},
  urldate = {2021-10-28},
  keywords = {Condensed Matter - Materials Science,Physics - Computational Physics}
}

@article{kresse_efficiency_1996,
  title = {Efficiency of Ab-Initio Total Energy Calculations for Metals and Semiconductors Using a Plane-Wave Basis Set},
  author = {Kresse, Georg and Furthmüller, Jürgen},
  date = {1996},
  journaltitle = {Computational materials science},
  volume = {6},
  number = {1},
  pages = {15--50}
}

@article{kresse_efficient_1996,
  title = {Efficient Iterative Schemes for Ab Initio Total-Energy Calculations Using a Plane-Wave Basis Set},
  author = {Kresse, G. and Furthmüller, J.},
  date = {1996-10-15},
  journaltitle = {Physical Review B},
  shortjournal = {Phys. Rev. B},
  volume = {54},
  number = {16},
  pages = {11169--11186},
  doi = {10.1103/PhysRevB.54.11169},
  url = {https://link.aps.org/doi/10.1103/PhysRevB.54.11169},
  urldate = {2019-08-22}
}

@article{kubelka_article_1931,
  title = {An {{Article}} on {{Optics}} of {{Paint Layers}}},
  author = {Kubelka, Paul and Munk, Franz},
  date = {1931-09},
  journaltitle = {Z. Tech. Phys},
  number = {12},
  pages = {593--601}
}

@article{kurlla_greenengineered_2023,
  title = {Green-Engineered Synthesis of {{Bi2Zr2O7 NPs}}: Excellent Performance on Electrochemical Sensor and Sunlight-Driven Photocatalytic Studies},
  shorttitle = {Green-Engineered Synthesis of {{Bi2Zr2O7 NPs}}},
  author = {Kurlla, Pompapathi and Shivram, Anantharaju Kurupalya and Kottam, Nagaraju and Siddegowda, Surendra Boppanahalli and Subramaniam, Meena and Bogegowda, Uma and Subramanya, Malini and Chowdhury, Arpita Paul and Narasimhan, Renuka Lakshmi},
  date = {2023-01-05},
  journaltitle = {Environmental Science and Pollution Research},
  shortjournal = {Environ Sci Pollut Res},
  issn = {1614-7499},
  doi = {10.1007/s11356-022-24760-5},
  url = {https://link.springer.com/10.1007/s11356-022-24760-5},
  urldate = {2023-11-30}
}

@unpublished{lakshminarayanan_simple_2016,
  title = {Simple and {{Scalable Predictive Uncertainty Estimation}} Using {{Deep Ensembles}}},
  author = {Lakshminarayanan, Balaji and Pritzel, Alexander and Blundell, Charles},
  date = {2016-12-05},
  eprint = {1612.01474},
  eprinttype = {arXiv},
  eprintclass = {cs, stat},
  url = {http://arxiv.org/abs/1612.01474},
  urldate = {2019-03-03},
  keywords = {Computer Science - Machine Learning,Statistics - Machine Learning}
}

@article{langreth_beyond_1983,
  title = {Beyond the Local-Density Approximation in Calculations of Ground-State Electronic Properties},
  author = {Langreth, David C. and Mehl, M. J.},
  date = {1983-08-15},
  journaltitle = {Physical Review B},
  shortjournal = {Phys. Rev. B},
  volume = {28},
  number = {4},
  pages = {1809--1834},
  publisher = {American Physical Society},
  doi = {10.1103/PhysRevB.28.1809},
  url = {https://link.aps.org/doi/10.1103/PhysRevB.28.1809},
  urldate = {2022-02-11}
}

@article{laurita_uncorrelated_2019,
  title = {Uncorrelated {{Bi}} Off-Centering and the Insulator-to-Metal Transition in Ruthenium {{A2Ru2O7}} Pyrochlores},
  author = {Laurita, Geneva and Puggioni, Danilo and Hickox-Young, Daniel and Rondinelli, James M. and Gaultois, Michael W. and Page, Katharine and Lamontagne, Leo K. and Seshadri, Ram},
  date = {2019-09-17},
  journaltitle = {Physical Review Materials},
  shortjournal = {Phys. Rev. Mater.},
  volume = {3},
  number = {9},
  pages = {095003},
  publisher = {American Physical Society},
  doi = {10.1103/PhysRevMaterials.3.095003},
  url = {https://link.aps.org/doi/10.1103/PhysRevMaterials.3.095003},
  urldate = {2023-11-21}
}

@article{lee_comparative_2007,
  title = {Comparative Study of Electronic Structures and Dielectric Properties of Alumina Polymorphs by First-Principles Methods},
  author = {Lee, Choong-Ki and Cho, Eunae and Lee, Hyo-Sug and Seol, Kwang Soo and Han, Seungwu},
  date = {2007-12-10},
  journaltitle = {Physical Review B},
  shortjournal = {Phys. Rev. B},
  volume = {76},
  number = {24},
  pages = {245110},
  publisher = {American Physical Society},
  doi = {10.1103/PhysRevB.76.245110},
  url = {https://link.aps.org/doi/10.1103/PhysRevB.76.245110},
  urldate = {2022-03-26}
}

@article{lee_highthroughput_2018,
  title = {High-Throughput Ab Initio Calculations on Dielectric Constant and Band Gap of Non-Oxide Dielectrics},
  author = {Lee, Miso and Youn, Yong and Yim, Kanghoon and Han, Seungwu},
  date = {2018-10-04},
  journaltitle = {Scientific Reports},
  shortjournal = {Sci Rep},
  volume = {8},
  number = {1},
  eprint = {30287929},
  eprinttype = {pmid},
  pages = {14794},
  issn = {2045-2322},
  doi = {10.1038/s41598-018-33095-6},
  pmcid = {PMC6172237}
}

@article{li_effect_2021,
  title = {Effect of Shape Memory Alloys on the Mechanical Properties of Metallic Glasses: {{A}} Molecular Dynamics Study},
  shorttitle = {Effect of Shape Memory Alloys on the Mechanical Properties of Metallic Glasses},
  author = {Li, W. W. and Song, H. Y. and Dai, J. L. and Wang, J. Y. and An, M. R. and Li, Y. L.},
  date = {2021-02-01},
  journaltitle = {Computational Materials Science},
  shortjournal = {Computational Materials Science},
  volume = {187},
  pages = {110088},
  issn = {0927-0256},
  doi = {10.1016/j.commatsci.2020.110088},
  url = {https://www.sciencedirect.com/science/article/pii/S0927025620305796},
  urldate = {2023-12-30},
  keywords = {Martensitic transformation,Mechanical property,Metallic glasses,Molecular dynamics simulation}
}

@article{liu_bi2zr2o7_2018,
  title = {{{Bi2Zr2O7}} Nanoparticles Synthesized by Soft-Templated Sol-Gel Methods for Visible-Light-Driven Catalytic Degradation of Tetracycline},
  author = {Liu, Xiaowei and Huang, Lihui and Wu, Xueyuan and Wang, Zexiang and Dong, Guihua and Wang, Chuang and Liu, Yangyang and Wang, Lisha},
  date = {2018-11},
  journaltitle = {Chemosphere},
  shortjournal = {Chemosphere},
  volume = {210},
  pages = {424--432},
  issn = {00456535},
  doi = {10.1016/j.chemosphere.2018.07.040},
  url = {https://linkinghub.elsevier.com/retrieve/pii/S0045653518312980},
  urldate = {2023-11-30}
}

@article{liutkova_ca_2023,
  title = {Ca/{{ZSM-5}} Catalysts for the Methanol-to-Hydrocarbons Reaction: {{Activity}} – {{Selectivity}} Trade-Off?},
  shorttitle = {Ca/{{ZSM-5}} Catalysts for the Methanol-to-Hydrocarbons Reaction},
  author = {Liutkova, Anna and Kosinov, Nikolay and Hensen, Emiel J. M.},
  date = {2023-12-01},
  journaltitle = {Journal of Catalysis},
  shortjournal = {Journal of Catalysis},
  volume = {428},
  pages = {115169},
  issn = {0021-9517},
  doi = {10.1016/j.jcat.2023.115169},
  url = {https://www.sciencedirect.com/science/article/pii/S0021951723004141},
  urldate = {2023-12-30},
  keywords = {Ca/ZSM-5,Confinement,Hydrocarbon pool,Kinetics,Methanol-to-hydrocarbons}
}

@article{lunt_modular_2024,
  title = {Modular, {{Multi-Robot Integration}} of {{Laboratories}}: {{An Autonomous Workflow}} for {{Solid-State Chemistry}}},
  shorttitle = {Modular, {{Multi-Robot Integration}} of {{Laboratories}}},
  author = {Lunt, Amy and Fakhruldeen, Hatem and Pizzuto, Gabriella and Longley, Louis and White, Alex and Rankin, Nicola and Clowes, Rob and Alston, Ben and Gigli, Lucia and Day, Graeme Matthew},
  date = {2024},
  journaltitle = {Chemical Science},
  publisher = {Royal Society of Chemistry},
  url = {https://pubs.rsc.org/en/content/articlehtml/2024/sc/d3sc06206f},
  urldate = {2024-01-04}
}

@article{luo_new_2018,
  title = {A New Approach to Preparing {{Bi2Zr2O7}} Photocatalysts for Dye Degradation},
  author = {Luo, Yijia and Cao, Liyun and Huang, Jianfeng and Feng, Liangliang and Yao, Chunyan},
  date = {2018-01-18},
  journaltitle = {Materials Research Express},
  shortjournal = {Mater. Res. Express},
  volume = {5},
  number = {1},
  pages = {015039},
  issn = {2053-1591},
  doi = {10.1088/2053-1591/aaa584},
  url = {https://iopscience.iop.org/article/10.1088/2053-1591/aaa584},
  urldate = {2023-11-30}
}

@article{luo_synthesis_2019,
  title = {Synthesis, Characterization and Photocatalytic Properties of Nanoscale Pyrochlore Type {{Bi2Zr2O7}}},
  author = {Luo, Yijia and Cao, Liyun and Feng, Liangliang and Huang, Jianfeng and Yang, Liuqing and Yao, Chunyan and Cheng, Yayi},
  date = {2019-01},
  journaltitle = {Materials Science and Engineering: B},
  shortjournal = {Materials Science and Engineering: B},
  volume = {240},
  pages = {133--139},
  issn = {09215107},
  doi = {10.1016/j.mseb.2019.01.017},
  url = {https://linkinghub.elsevier.com/retrieve/pii/S0921510719300236},
  urldate = {2023-11-30}
}

@article{mathew_atomate_2017,
  title = {Atomate: {{A}} High-Level Interface to Generate, Execute, and Analyze Computational Materials Science Workflows},
  shorttitle = {Atomate},
  author = {Mathew, Kiran and Montoya, Joseph H. and Faghaninia, Alireza and Dwarakanath, Shyam and Aykol, Muratahan and Tang, Hanmei and Chu, Iek-heng and Smidt, Tess and Bocklund, Brandon and Horton, Matthew and Dagdelen, John and Wood, Brandon and Liu, Zi-Kui and Neaton, Jeffrey and Ong, Shyue Ping and Persson, Kristin and Jain, Anubhav},
  date = {2017-11-01},
  journaltitle = {Computational Materials Science},
  shortjournal = {Computational Materials Science},
  volume = {139},
  pages = {140--152},
  issn = {0927-0256},
  doi = {10.1016/j.commatsci.2017.07.030},
  url = {https://www.sciencedirect.com/science/article/pii/S0927025617303919},
  urldate = {2022-02-21}
}

@inproceedings{nair_rectified_2010,
  title = {Rectified {{Linear Units Improve Restricted Boltzmann Machines}}},
  author = {Nair, Vinod and Hinton, Geoffrey E.},
  date = {2010-01-01},
  url = {https://openreview.net/forum?id=rkb15iZdZB},
  urldate = {2022-02-15},
  eventtitle = {{{ICML}}}
}

@article{oliynyk_highthroughput_2016,
  title = {High-{{Throughput Machine-Learning-Driven Synthesis}} of {{Full-Heusler Compounds}}},
  author = {Oliynyk, Anton O. and Antono, Erin and Sparks, Taylor D. and Ghadbeigi, Leila and Gaultois, Michael W. and Meredig, Bryce and Mar, Arthur},
  date = {2016-10-25},
  journaltitle = {Chemistry of Materials},
  shortjournal = {Chem. Mater.},
  volume = {28},
  number = {20},
  pages = {7324--7331},
  publisher = {American Chemical Society},
  issn = {0897-4756},
  doi = {10.1021/acs.chemmater.6b02724},
  url = {https://doi.org/10.1021/acs.chemmater.6b02724},
  urldate = {2023-11-21}
}

@article{ong_python_2013,
  title = {Python {{Materials Genomics}} (Pymatgen): {{A}} Robust, Open-Source Python Library for Materials Analysis},
  shorttitle = {Python {{Materials Genomics}} (Pymatgen)},
  author = {Ong, Shyue Ping and Richards, William Davidson and Jain, Anubhav and Hautier, Geoffroy and Kocher, Michael and Cholia, Shreyas and Gunter, Dan and Chevrier, Vincent L. and Persson, Kristin A. and Ceder, Gerbrand},
  date = {2013-02-01},
  journaltitle = {Computational Materials Science},
  shortjournal = {Computational Materials Science},
  volume = {68},
  pages = {314--319},
  issn = {0927-0256},
  doi = {10.1016/j.commatsci.2012.10.028},
  url = {https://www.sciencedirect.com/science/article/pii/S0927025612006295},
  urldate = {2022-02-17},
  keywords = {Design,High-throughput,Materials,Project,Thermodynamics}
}

@article{pandey_metastable_2018,
  title = {Metastable {{Bi2Zr2O7}} with {{Pyrochlore-like Structure}}: {{Stabilization}}, {{Oxygen Ion Conductivity}}, and {{Catalytic Properties}}},
  shorttitle = {Metastable {{Bi2Zr2O7}} with {{Pyrochlore-like Structure}}},
  author = {Pandey, Jyoti and Shrivastava, Vipul and Nagarajan, Rajamani},
  date = {2018-11-05},
  journaltitle = {Inorganic Chemistry},
  shortjournal = {Inorg. Chem.},
  volume = {57},
  number = {21},
  pages = {13667--13678},
  publisher = {American Chemical Society},
  issn = {0020-1669},
  doi = {10.1021/acs.inorgchem.8b02258},
  url = {https://doi.org/10.1021/acs.inorgchem.8b02258},
  urldate = {2023-10-21}
}

@article{perdew_rationale_1996,
  title = {Rationale for Mixing Exact Exchange with Density Functional Approximations},
  author = {Perdew, John P. and Ernzerhof, Matthias and Burke, Kieron},
  date = {1996-12-08},
  journaltitle = {The Journal of Chemical Physics},
  shortjournal = {J. Chem. Phys.},
  volume = {105},
  number = {22},
  pages = {9982--9985},
  publisher = {American Institute of Physics},
  issn = {0021-9606},
  doi = {10.1063/1.472933},
  url = {https://aip.scitation.org/doi/10.1063/1.472933},
  urldate = {2022-02-12}
}

@online{persson_materials_2022,
  title = {Materials {{Project}} :: {{About}}},
  author = {Persson, Kristin},
  date = {2022-02-21},
  url = {https://materialsproject.org/about#db-stats},
  urldate = {2022-02-21},
  organization = {About the Materials Project}
}

@article{petousis_benchmarking_2016,
  title = {Benchmarking Density Functional Perturbation Theory to Enable High-Throughput Screening of Materials for Dielectric Constant and Refractive Index},
  author = {Petousis, Ioannis and Chen, Wei and Hautier, Geoffroy and Graf, Tanja and Schladt, Thomas D. and Persson, Kristin A. and Prinz, Fritz B.},
  date = {2016-03-31},
  journaltitle = {Physical Review B},
  shortjournal = {Phys. Rev. B},
  volume = {93},
  number = {11},
  pages = {115151},
  publisher = {American Physical Society},
  doi = {10.1103/PhysRevB.93.115151},
  url = {https://link.aps.org/doi/10.1103/PhysRevB.93.115151},
  urldate = {2021-10-08}
}

@article{petousis_high-throughput_2017,
  title = {High-Throughput Screening of Inorganic Compounds for the Discovery of Novel Dielectric and Optical Materials},
  author = {Petousis, Ioannis and Mrdjenovich, David and Ballouz, Eric and Liu, Miao and Winston, Donald and Chen, Wei and Graf, Tanja and Schladt, Thomas D. and Persson, Kristin A. and Prinz, Fritz B.},
  date = {2017-01-31},
  journaltitle = {Scientific Data},
  shortjournal = {Sci Data},
  volume = {4},
  number = {1},
  pages = {160134},
  publisher = {Nature Publishing Group},
  issn = {2052-4463},
  doi = {10.1038/sdata.2016.134},
  url = {https://www.nature.com/articles/sdata2016134},
  urldate = {2022-02-06},
  issue = {1},
  keywords = {Density functional theory,Electronic and spintronic devices,Electronic devices,Electronic structure,Supercapacitors}
}

@article{petretto_highthroughput_2018,
  title = {High-Throughput Density-Functional Perturbation Theory Phonons for Inorganic Materials},
  author = {Petretto, Guido and Dwaraknath, Shyam and P. C. Miranda, Henrique and Winston, Donald and Giantomassi, Matteo and family=Setten, given=Michiel J., prefix=van, useprefix=true and Gonze, Xavier and Persson, Kristin A. and Hautier, Geoffroy and Rignanese, Gian-Marco},
  date = {2018-05-01},
  journaltitle = {Scientific Data},
  shortjournal = {Sci Data},
  volume = {5},
  number = {1},
  pages = {180065},
  publisher = {Nature Publishing Group},
  issn = {2052-4463},
  doi = {10.1038/sdata.2018.65},
  url = {https://www.nature.com/articles/sdata201865},
  urldate = {2023-10-21},
  issue = {1},
  keywords = {Density functional theory,Semiconductors,Theory and computation}
}

@article{ponceortiz_highk_2010,
  title = {High-k Organic, Inorganic, and Hybrid Dielectrics for Low-Voltage Organic Field-Effect Transistors},
  author = {Ponce Ortiz, Rocío and Facchetti, Antonio and Marks, Tobin J.},
  date = {2010-01},
  journaltitle = {Chemical Reviews},
  shortjournal = {Chem Rev},
  volume = {110},
  number = {1},
  eprint = {19852443},
  eprinttype = {pmid},
  pages = {205--239},
  issn = {1520-6890},
  doi = {10.1021/cr9001275}
}

@article{qu_high_2020,
  title = {High Dielectric Ternary Oxides from Crystal Structure Prediction and High-Throughput Screening},
  author = {Qu, Jingyu and Zagaceta, David and Zhang, Weiwei and Zhu, Qiang},
  date = {2020-03-06},
  journaltitle = {Scientific Data},
  shortjournal = {Sci Data},
  volume = {7},
  number = {1},
  pages = {81},
  publisher = {Nature Publishing Group},
  issn = {2052-4463},
  doi = {10.1038/s41597-020-0418-6},
  url = {https://www.nature.com/articles/s41597-020-0418-6},
  urldate = {2021-11-30},
  issue = {1},
  keywords = {Density functional theory,Electrical and electronic engineering,Materials for devices}
}

@article{rajashekharaiah_nuv_2019,
  title = {{{NUV}} Light-Induced Visible Green Emissions of {{Erbium-doped}} Hierarchical {{Bi2Zr2O7}} Structures},
  author = {Rajashekharaiah, A.S. and Darshan, G.P. and Basavaraj, R.B. and Naik, Yashwanth V. and Kavyashree, D. and Sharma, S.C. and Nagabhushana, H.},
  date = {2019-09},
  journaltitle = {Optical Materials},
  shortjournal = {Optical Materials},
  volume = {95},
  pages = {109237},
  issn = {09253467},
  doi = {10.1016/j.optmat.2019.109237},
  url = {https://linkinghub.elsevier.com/retrieve/pii/S0925346719304483},
  urldate = {2023-11-30}
}

@article{schmidt_machinelearningassisted_2023,
  title = {Machine-{{Learning-Assisted Determination}} of the {{Global Zero-Temperature Phase Diagram}} of {{Materials}}},
  author = {Schmidt, Jonathan and Hoffmann, Noah and Wang, Hai-Chen and Borlido, Pedro and Carriço, Pedro J. M. A. and Cerqueira, Tiago F. T. and Botti, Silvana and Marques, Miguel A. L.},
  date = {2023},
  journaltitle = {Advanced Materials},
  volume = {35},
  number = {22},
  pages = {2210788},
  issn = {1521-4095},
  doi = {10.1002/adma.202210788},
  url = {https://onlinelibrary.wiley.com/doi/abs/10.1002/adma.202210788},
  urldate = {2023-10-31},
  keywords = {high-throughput density functional theory calculations,machine learning material science,material discovery,superconductivity,superhard materials}
}

@article{shanker_nanocrystalline_2009,
  title = {Nanocrystalline {{NaNbO3}} and {{NaTaO3}}: {{Rietveld}} Studies, {{Raman}} Spectroscopy and Dielectric Properties},
  shorttitle = {Nanocrystalline {{NaNbO3}} and {{NaTaO3}}},
  author = {Shanker, Vishnu and Samal, Saroj L. and Pradhan, Gopal K. and Narayana, Chandrabhas and Ganguli, Ashok K.},
  date = {2009-02-01},
  journaltitle = {Solid State Sciences},
  shortjournal = {Solid State Sciences},
  volume = {11},
  number = {2},
  pages = {562--569},
  issn = {1293-2558},
  doi = {10.1016/j.solidstatesciences.2008.08.001},
  url = {https://www.sciencedirect.com/science/article/pii/S1293255808002641},
  urldate = {2021-10-08},
  keywords = {Chemical synthesis,Dielectric properties,Electron microscopy,Nanostructures}
}

@article{sharma_synthesis_2013,
  title = {Synthesis, Structure, Characterization and Photocatalytic Activity of {{Bi2Zr2O7}} under Solar Radiation},
  author = {Sharma, Vaishali M. and Saha, Dipankar and Madras, Giridhar and Row, T. N. Guru},
  date = {2013},
  journaltitle = {RSC Advances},
  shortjournal = {RSC Adv.},
  volume = {3},
  number = {41},
  pages = {18938},
  issn = {2046-2069},
  doi = {10.1039/c3ra43518k},
  url = {http://xlink.rsc.org/?DOI=c3ra43518k},
  urldate = {2023-11-30}
}

@online{shoghi_molecules_2023,
  title = {From {{Molecules}} to {{Materials}}: {{Pre-training Large Generalizable Models}} for {{Atomic Property Prediction}}},
  shorttitle = {From {{Molecules}} to {{Materials}}},
  author = {Shoghi, Nima and Kolluru, Adeesh and Kitchin, John R. and Ulissi, Zachary W. and Zitnick, C. Lawrence and Wood, Brandon M.},
  date = {2023-10-25},
  eprint = {2310.16802},
  eprinttype = {arXiv},
  eprintclass = {cs},
  doi = {10.48550/arXiv.2310.16802},
  url = {http://arxiv.org/abs/2310.16802},
  urldate = {2024-05-12},
  pubstate = {prepublished},
  keywords = {Computer Science - Machine Learning}
}

@thesis{simon_synthesis_2010,
  title = {The Synthesis and Characterisation of Pyrochlore Frameworks},
  author = {Simon, Charles Francis},
  namea = {Simon, Charles Francis and Weller, Mark},
  nameatype = {collaborator},
  date = {2010-09-30},
  institution = {University of Southampton},
  url = {https://eprints.soton.ac.uk/203757/},
  urldate = {2024-01-06},
  pagetotal = {226}
}

@article{soderlind_groundstate_2014,
  title = {Ground-State Properties of Rare-Earth Metals: An Evaluation of Density-Functional Theory},
  shorttitle = {Ground-State Properties of Rare-Earth Metals},
  author = {Söderlind, Per and Turchi, P. E. A. and Landa, A. and Lordi, V.},
  date = {2014-09},
  journaltitle = {Journal of Physics: Condensed Matter},
  shortjournal = {J. Phys.: Condens. Matter},
  volume = {26},
  number = {41},
  pages = {416001},
  publisher = {IOP Publishing},
  issn = {0953-8984},
  doi = {10.1088/0953-8984/26/41/416001},
  url = {https://dx.doi.org/10.1088/0953-8984/26/41/416001},
  urldate = {2023-11-21}
}

@article{sorokina_new_1998,
  title = {New Phases in the {{ZrO2}}–{{Bi2O3}} and {{HfO2}}–{{Bi2O3}} Systems},
  author = {Sorokina, S.L. and Sleight, A.W.},
  date = {1998-07},
  journaltitle = {Materials Research Bulletin},
  shortjournal = {Materials Research Bulletin},
  volume = {33},
  number = {7},
  pages = {1077--1081},
  issn = {00255408},
  doi = {10.1016/S0025-5408(98)00076-2},
  url = {https://linkinghub.elsevier.com/retrieve/pii/S0025540898000762},
  urldate = {2023-11-30}
}

@article{steiner_organic_2019,
  title = {Organic Synthesis in a Modular Robotic System Driven by a Chemical Programming Language},
  author = {Steiner, Sebastian and Wolf, Jakob and Glatzel, Stefan and Andreou, Anna and Granda, Jarosław M. and Keenan, Graham and Hinkley, Trevor and Aragon-Camarasa, Gerardo and Kitson, Philip J. and Angelone, Davide and Cronin, Leroy},
  date = {2019-01-11},
  journaltitle = {Science},
  volume = {363},
  number = {6423},
  pages = {eaav2211},
  publisher = {American Association for the Advancement of Science},
  doi = {10.1126/science.aav2211},
  url = {https://www.science.org/doi/full/10.1126/science.aav2211},
  urldate = {2024-01-03}
}

@article{sun_thermodynamic_2016,
  title = {The Thermodynamic Scale of Inorganic Crystalline Metastability},
  author = {Sun, Wenhao and Dacek, Stephen T. and Ong, Shyue Ping and Hautier, Geoffroy and Jain, Anubhav and Richards, William D. and Gamst, Anthony C. and Persson, Kristin A. and Ceder, Gerbrand},
  date = {2016},
  journaltitle = {Science Advances},
  volume = {2},
  number = {11},
  pages = {e1600225},
  doi = {10.1126/sciadv.1600225},
  url = {https://www.science.org/doi/abs/10.1126/sciadv.1600225}
}

@article{szymanski_autonomous_2023,
  title = {An Autonomous Laboratory for the Accelerated Synthesis of Novel Materials},
  author = {Szymanski, Nathan J. and Rendy, Bernardus and Fei, Yuxing and Kumar, Rishi E. and He, Tanjin and Milsted, David and McDermott, Matthew J. and Gallant, Max and Cubuk, Ekin Dogus and Merchant, Amil and Kim, Haegyeom and Jain, Anubhav and Bartel, Christopher J. and Persson, Kristin and Zeng, Yan and Ceder, Gerbrand},
  date = {2023-12},
  journaltitle = {Nature},
  volume = {624},
  number = {7990},
  pages = {86--91},
  publisher = {Nature Publishing Group},
  issn = {1476-4687},
  doi = {10.1038/s41586-023-06734-w},
  url = {https://www.nature.com/articles/s41586-023-06734-w},
  urldate = {2024-01-03},
  issue = {7990},
  keywords = {Characterization and analytical techniques,Computational methods,Design,synthesis and processing}
}

@article{valant_dielectric_2004,
  title = {Dielectric {{Characteristics}} of {{Bismuth Oxide Solid Solutions}} with a {{Fluorite}}‐{{Like Crystal Structure}}},
  author = {Valant, Matjaz and Suvorov, Danilo},
  date = {2004-06},
  journaltitle = {Journal of the American Ceramic Society},
  shortjournal = {Journal of the American Ceramic Society},
  volume = {87},
  number = {6},
  pages = {1056--1061},
  issn = {0002-7820, 1551-2916},
  doi = {10.1111/j.1551-2916.2004.01056.x},
  url = {https://doi.org/10.1111/j.1551-2916.2004.01056.x},
  urldate = {2023-11-30}
}

@article{wallace_highk_2003,
  title = {High-κ {{Dielectric Materials}} for {{Microelectronics}}},
  author = {Wallace, Robert M. and Wilk, Glen D.},
  date = {2003-10-01},
  journaltitle = {Critical Reviews in Solid State and Materials Sciences},
  volume = {28},
  number = {4},
  pages = {231--285},
  publisher = {Taylor \& Francis},
  issn = {1040-8436},
  doi = {10.1080/714037708},
  url = {https://doi.org/10.1080/714037708},
  urldate = {2023-10-09},
  keywords = {capacitor,dielectric,gate stack,high-κ,scaled microelectronics}
}

@article{wang_high_2018,
  title = {High- k {{Gate Dielectrics}} for {{Emerging Flexible}} and {{Stretchable Electronics}}},
  author = {Wang, Binghao and Huang, Wei and Chi, Lifeng and Al-Hashimi, Mohammed and Marks, Tobin J. and Facchetti, Antonio},
  date = {2018-06-13},
  journaltitle = {Chemical Reviews},
  shortjournal = {Chem Rev},
  volume = {118},
  number = {11},
  eprint = {29785854},
  eprinttype = {pmid},
  pages = {5690--5754},
  issn = {1520-6890},
  doi = {10.1021/acs.chemrev.8b00045}
}

@article{wang_predicting_2021,
  title = {Predicting Stable Crystalline Compounds Using Chemical Similarity},
  author = {Wang, Hai-Chen and Botti, Silvana and Marques, Miguel A. L.},
  date = {2021-01-26},
  journaltitle = {npj Computational Materials},
  shortjournal = {npj Comput Mater},
  volume = {7},
  number = {1},
  pages = {1--9},
  publisher = {Nature Publishing Group},
  issn = {2057-3960},
  doi = {10.1038/s41524-020-00481-6},
  url = {https://www.nature.com/articles/s41524-020-00481-6},
  urldate = {2022-02-21},
  issue = {1},
  keywords = {Computational methods,Electronic properties and materials}
}

@article{weiss_photoinduced_2020,
  title = {Photoinduced {{Defect}} and {{Surface Chemistry}} of {{Niobium Tellurium Oxides ANbTeO6}} ({{A}} = {{K}}, {{Rb}}, {{Cs}}) with {{Defect-Pyrochlore Structure}}},
  author = {Weiss, Morten and Wirth, Benedikt and Marschall, Roland},
  date = {2020-06-15},
  journaltitle = {Inorganic Chemistry},
  shortjournal = {Inorg. Chem.},
  volume = {59},
  number = {12},
  pages = {8387--8395},
  issn = {0020-1669, 1520-510X},
  doi = {10.1021/acs.inorgchem.0c00811},
  url = {https://pubs.acs.org/doi/10.1021/acs.inorgchem.0c00811},
  urldate = {2023-11-30}
}

@article{weston_named_2019,
  title = {Named {{Entity Recognition}} and {{Normalization Applied}} to {{Large-Scale Information Extraction}} from the {{Materials Science Literature}}},
  author = {Weston, L. and Tshitoyan, V. and Dagdelen, J. and Kononova, O. and Trewartha, A. and Persson, K. A. and Ceder, G. and Jain, A.},
  date = {2019-09-23},
  journaltitle = {Journal of Chemical Information and Modeling},
  shortjournal = {J. Chem. Inf. Model.},
  volume = {59},
  number = {9},
  pages = {3692--3702},
  publisher = {American Chemical Society},
  issn = {1549-9596},
  doi = {10.1021/acs.jcim.9b00470},
  url = {https://doi.org/10.1021/acs.jcim.9b00470},
  urldate = {2020-08-31}
}

@article{wu_preparation_2015,
  title = {Preparation and Photocatalytic Properties of {{Bi2Zr2O7}} Photocatalyst},
  author = {Wu, Deyong and He, Tingting and Xia, Jin and Tan, Yuanbin},
  date = {2015-10},
  journaltitle = {Materials Letters},
  shortjournal = {Materials Letters},
  volume = {156},
  pages = {195--197},
  issn = {0167577X},
  doi = {10.1016/j.matlet.2015.05.107},
  url = {https://linkinghub.elsevier.com/retrieve/pii/S0167577X15300124},
  urldate = {2023-11-30}
}

@article{xie_highly_2019,
  title = {Highly Efficient Decomposition of Ammonia Using High-Entropy Alloy Catalysts},
  author = {Xie, Pengfei and Yao, Yonggang and Huang, Zhennan and Liu, Zhenyu and Zhang, Junlei and Li, Tangyuan and Wang, Guofeng and Shahbazian-Yassar, Reza and Hu, Liangbing and Wang, Chao},
  date = {2019-09-05},
  journaltitle = {Nature Communications},
  volume = {10},
  number = {1},
  pages = {4011},
  publisher = {Nature Publishing Group},
  issn = {2041-1723},
  doi = {10.1038/s41467-019-11848-9},
  url = {https://www.nature.com/articles/s41467-019-11848-9},
  urldate = {2020-08-30},
  issue = {1}
}

@article{yan_material_2015,
  title = {Material Descriptors for Predicting Thermoelectric Performance},
  author = {Yan, Jun and Gorai, Prashun and Ortiz, Brenden and Miller, Sam and Barnett, Scott A. and Mason, Thomas and Stevanović, Vladan and Toberer, Eric S.},
  date = {2015-03-05},
  journaltitle = {Energy \& Environmental Science},
  shortjournal = {Energy Environ. Sci.},
  volume = {8},
  number = {3},
  pages = {983--994},
  publisher = {The Royal Society of Chemistry},
  issn = {1754-5706},
  doi = {10.1039/C4EE03157A},
  url = {https://pubs.rsc.org/en/content/articlelanding/2015/ee/c4ee03157a},
  urldate = {2020-08-31}
}

@article{yeo_mosfet_2003,
  title = {{{MOSFET}} Gate Leakage Modeling and Selection Guide for Alternative Gate Dielectrics Based on Leakage Considerations},
  author = {Yeo, Yee-Chia and King, Tsu-Jae and Hu, Chenming},
  date = {2003-04},
  journaltitle = {IEEE Transactions on Electron Devices},
  volume = {50},
  number = {4},
  pages = {1027--1035},
  issn = {1557-9646},
  doi = {10.1109/TED.2003.812504},
  eventtitle = {{{IEEE Transactions}} on {{Electron Devices}}},
  keywords = {Leakage currents,MOSFETs,Semiconductor device modeling,Tunneling}
}

@article{yim_novel_2015,
  title = {Novel High-κ Dielectrics for next-Generation Electronic Devices Screened by Automated Ab Initio Calculations},
  author = {Yim, Kanghoon and Yong, Youn and Lee, Joohee and Lee, Kyuhyun and Nahm, Ho-Hyun and Yoo, Jiho and Lee, Chanhee and Seong Hwang, Cheol and Han, Seungwu},
  date = {2015-06},
  journaltitle = {NPG Asia Materials},
  shortjournal = {NPG Asia Mater},
  volume = {7},
  number = {6},
  pages = {e190-e190},
  publisher = {Nature Publishing Group},
  issn = {1884-4057},
  doi = {10.1038/am.2015.57},
  url = {https://www.nature.com/articles/am201557},
  urldate = {2022-03-15},
  issue = {6},
  keywords = {Theory and computation}
}

@article{zagorac_recent_2019,
  title = {Recent Developments in the {{Inorganic Crystal Structure Database}}: Theoretical Crystal Structure Data and Related Features},
  shorttitle = {Recent Developments in the {{Inorganic Crystal Structure Database}}},
  author = {Zagorac, D. and Müller, H. and Ruehl, S. and Zagorac, J. and Rehme, S.},
  date = {2019-10-01},
  journaltitle = {Journal of Applied Crystallography},
  shortjournal = {J Appl Cryst},
  volume = {52},
  number = {5},
  pages = {918--925},
  publisher = {International Union of Crystallography},
  issn = {1600-5767},
  doi = {10.1107/S160057671900997X},
  url = {https://journals.iucr.org/j/issues/2019/05/00/in5024/},
  urldate = {2024-01-05}
}

@article{zeng_evolutionary_2014,
  title = {Evolutionary Search for New High-k Dielectric Materials: Methodology and Applications to Hafnia-Based Oxides},
  shorttitle = {Evolutionary Search for New High-k Dielectric Materials},
  author = {Zeng, Q. and Oganov, A. R. and Lyakhov, A. O. and Xie, C. and Zhang, X. and Zhang, J. and Zhu, Q. and Wei, B. and Grigorenko, I. and Zhang, L. and Cheng, L.},
  date = {2014-02-15},
  journaltitle = {Acta Crystallographica Section C: Structural Chemistry},
  shortjournal = {Acta Cryst C},
  volume = {70},
  number = {2},
  pages = {76--84},
  publisher = {International Union of Crystallography},
  issn = {2053-2296},
  doi = {10.1107/S2053229613027861},
  url = {//scripts.iucr.org/cgi-bin/paper?od3006},
  urldate = {2021-12-03}
}

@article{zhang_finding_2021,
  title = {Finding the {{Next Superhard Material}} through {{Ensemble Learning}}},
  author = {Zhang, Ziyan and Mansouri Tehrani, Aria and Oliynyk, Anton O. and Day, Blake and Brgoch, Jakoah},
  date = {2021},
  journaltitle = {Advanced Materials},
  volume = {33},
  number = {5},
  pages = {2005112},
  issn = {1521-4095},
  doi = {10.1002/adma.202005112},
  url = {https://onlinelibrary.wiley.com/doi/abs/10.1002/adma.202005112},
  urldate = {2023-11-02},
  keywords = {ensemble machine learning,high-throughput screening,Vickers hardness}
}

@article{zuo_accelerating_2021,
  title = {Accelerating Materials Discovery with {{Bayesian}} Optimization and Graph Deep Learning},
  shorttitle = {{{BOWSR}}},
  author = {Zuo, Yunxing and Qin, Mingde and Chen, Chi and Ye, Weike and Li, Xiangguo and Luo, Jian and Ong, Shyue Ping},
  date = {2021-10-01},
  journaltitle = {Materials Today},
  shortjournal = {Materials Today},
  issn = {1369-7021},
  doi = {10.1016/j.mattod.2021.08.012},
  url = {https://www.sciencedirect.com/science/article/pii/S1369702121002984},
  urldate = {2021-10-21},
  keywords = {Bayesian optimization,Deep learning,Graph neural network,Materials discovery}
}
